@article{QWPA,
    author = {Gao, Yangjun and Zhang, Fengming and Zhao, Yu and Li, Chao},
    year = {2018},
    month = {06},
    pages = {1-10},
    title = {Quantum-Inspired Wolf Pack Algorithm to Solve the 0-1 Knapsack Problem},
    volume = {2018},
    journal = {Mathematical Problems in Engineering},
    doi = {10.1155/2018/5327056}
}

@article{BMQHOA-article,
    author = {Huang, Yan and Wang, Peng and Li, Jianping and Chen, Xiuhong and Li, Tao},
    year = {2019},
    month = {09},
    pages = {1-1},
    title = {A Binary Multi-Scale Quantum Harmonic Oscillator Algorithm for 0â€“1 Knapsack Problem With Genetic Operator},
    volume = {PP},
    journal = {IEEE Access},
    doi = {10.1109/ACCESS.2019.2942340}
}

@article{geem01,
    author = {Geem, Zong Woo and Kim, Joong and Loganathan, G.V.},
    year = {2001},
    month = {02},
    pages = {60-68},
    title = {A New Heuristic Optimization Algorithm: Harmony Search},
    volume = {76},
    journal = {Simulation},
    doi = {10.1177/003754970107600201}
}

@article{DGHS-article,
    author = {Xiang, Wan-li and An, Mei-qing and Li, Yinzhen and He, Rui-chun and Zhang, Jing-fang},
    year = {2014},
    month = {04},
    pages = {1-12},
    title = {A Novel Discrete Global-Best Harmony Search Algorithm for Solving 0-1 Knapsack Problems},
    volume = {2014},
    journal = {Discrete Dynamics in Nature and Society},
    doi = {10.1155/2014/573731}
}